<?xml version="1.0" encoding="UTF-8"?><collection xmlns="http://www.loc.gov/MARC21/slim"><record><leader>00397nam--2200157-i-4500</leader><controlfield tag="001">000015429</controlfield><controlfield tag="002">20161230</controlfield><controlfield tag="005">20170115223338</controlfield><controlfield tag="008">060222s1000------------r-----000-0-eng-d</controlfield><datafield ind1=" " ind2=" " tag="080"><subfield code="a">547.L</subfield></datafield><datafield ind1=" " ind2=" " tag="100"><subfield code="a">Bacaloglu, Radu</subfield></datafield><datafield ind1=" " ind2=" " tag="245"><subfield code="a">Structura si proprietatile compusilor organici</subfield></datafield><datafield ind1=" " ind2=" " tag="260"><subfield code="a">Bucuresti</subfield><subfield code="b">Editura Tehnica</subfield><subfield code="c">1985</subfield></datafield><datafield ind1=" " ind2=" " tag="300"><subfield code="a">492 p</subfield></datafield><datafield ind1=" " ind2=" " tag="852"><subfield code="a">72582</subfield></datafield><datafield ind1=" " ind2=" " tag="CAT"><subfield code="a">SYS</subfield><subfield code="c">20170115</subfield><subfield code="h">223338</subfield></datafield></record></collection>